5249 6264
1870 479 2535 564 ..7.-

580 698 844 774 tischen
920 691 1182 769 Rechts
1250 715 1328 790 p.
1386 691 1557 762 117.
1658 686 1888 761 Meier
1954 687 2047 761 de
2095 686 2264 762 bon.
2331 689 2560 761 damn.
2631 711 2707 784 Ρ.
2763 688 2885 795 35.
2988 690 3446 763 Wachsmutli
3514 693 3795 764 Hellen.

582 834 886 911 Alterth.
956 832 1017 923 1,
1075 832 1144 902 1.
1194 851 1272 925 p.
1327 824 1502 899 772.
1601 823 1931 916 Accedit,
2000 818 2193 918 quod
2244 826 2401 921 post
2464 849 2777 921 pugnam
2846 826 2937 898 ad
3005 825 3478 900 Chaeroneam
3544 830 3794 901 factam

583 971 981 1069 Hyperides
1032 978 1266 1042 orator
1282 1015 1307 1054 ‚
1358 963 1543 1037 idem
1592 942 1752 1035 cum
1801 960 2145 1035 Clisthene
2192 962 2478 1035 sentiens
2498 1014 2519 1053 ,
2570 964 2805 1058 legem
2855 965 3166 1061 rogavit,
3237 977 3316 1037 ut
3365 967 3539 1037 l'ervi
3589 967 3797 1037 liber-

575 1120 793 1183 tatem
840 1107 1229 1200 acciperent
1274 1111 1487 1195 atque
1550 1099 2040 1193 inquilinorum
2106 1099 2294 1171 claffi
2355 1099 2901 1172 adscriberentur
2917 1151 2939 1190 ,
3013 1101 3326 1193 inquilini
3400 1114 3628 1174 autem
3697 1106 3798 1172 ci-

578 1270 696 1331 ves
743 1246 1012 1316 flerent.
1064 1241 1377 1335 Lycurg.
1430 1261 1492 1309 c.
1543 1237 1862 1308 Leocrat.
1911 1261 1991 1330 p.
2049 1235 2220 1309 164.
2281 1237 2452 1310 170.
2500 1235 2858 1307 Demosth.
2910 1237 3066 1308 adv.
3117 1239 3420 1335 Aristog.
3471 1240 3564 1329 11,
3616 1239 3792 1331 803,

579 1382 683 1454 27
736 1381 891 1474 sqq.
942 1375 1318 1478 numen.
1365 1374 1509 1447 vit.
1560 1375 1711 1445 dec.
1762 1384 1967 1444 oratt.
2020 1374 2093 1446 9.
2145 1375 2284 1445 Το.
2335 1373 2459 1444 ΙΧ.
2509 1396 2588 1468 Ρ.
2640 1372 2795 1446 374
2847 1374 2959 1444 ed.
3007 1375 3246 1446 Reisk.
3354 1378 3517 1464 Quo
3584 1392 3795 1473 pacto

586 1517 962 1593 Clisthenes
1010 1512 1391 1610 prudenter
1437 1498 1739 1600 instituit,
1790 1519 1872 1583 ut
1920 1509 2412 1602 inquilinorum
2459 1532 2713 1606 magna
2763 1523 2968 1604 parte
3016 1512 3087 1580 in
3126 1512 3466 1584 civitatem
3516 1528 3799 1608 recepta

588 1652 1179 1751 optimatibusque
1227 1649 1549 1746 oppofita
1563 1699 1588 1738 ‚
1654 1669 1792 1719 non
1840 1647 2064 1719 folum
2132 1645 2552 1717 democratia
2596 1646 2670 1717 in
2721 1648 2864 1720 dies
2930 1649 3188 1719 maiora
3256 1648 3506 1745 capere
3571 1649 3801 1746 poss'et

585 1794 1024 1877 incrementa,
1072 1809 1314 1859 verum
1364 1786 1569 1856 etiam
1619 1783 1965 1872 damnum,
2014 1781 2207 1876 quod
2260 1781 2770 1855 Athenienfium
2817 1785 3209 1881 respublica
3257 1785 3518 1858 fecisset
3535 1837 3558 1877 ,
3610 1799 3801 1858 tanta

591 1928 1080 2022 inquilinorum
1129 1922 1563 1995 multitudine
1610 1921 1901 2017 privata,
1950 1918 2158 1990 fervis
2206 1918 2282 1988 in
2331 1941 2574 1990 eorum
2644 1918 2919 1992 class'em
2994 1924 3332 2017 promotis
3404 1925 3801 2020 compensa·

589 2077 805 2139 retur.
859 2060 1363 2155 lnquilinorum
1413 2059 1594 2129 enim
1645 2069 1717 2128 et
1762 2058 2118 2128 fervorum
2165 2076 2317 2126 eam
2365 2053 2566 2129 fuiffe
2614 2058 2953 2128 rationem
2998 2058 3287 2132 Athenis
3303 2111 3325 2149 ‚
3379 2071 3458 2132 ut
3505 2072 3804 2157 utraque

594 2203 807 2275 classis
857 2209 1127 2274 curaret
1178 2220 1297 2285 ea,
1365 2217 1544 2290 quae
1609 2193 1701 2264 ad
1764 2193 1978 2264 vitam
2038 2192 2544 2264 sustentandam
2603 2195 3071 2289 pertinerent,
3147 2219 3291 2289 quo
3341 2172 3553 2286 εἶναι.
3624 2200 3801 2269 curis

591 2340 726 2410 iuis
776 2335 1104 2432 expediti,
1156 2329 1577 2406 commodius
1626 2329 2054 2425 reipublicae
2101 2352 2344 2401 vacare
2393 2316 2669 2425 peffenj
2687 2381 2709 2419 ‚
2784 2333 2964 2403 inter
3036 2355 3266 2405 omnes
3314 2335 3471 2405 fatis
3523 2336 3800 2407 confiat.

601 2475 1060 2569 Quapropter
1124 2471 1315 2542 locus
1388 2466 1767 2539 Aristotelis
1834 2476 1905 2538 et
1969 2466 2322 2561 scriptoris
2368 2466 2739 2538 sententiae
2754 2518 2779 2557 ‚
2856 2478 2928 2538 et
2992 2465 3300 2543 Clissenis
3350 2471 3624 2543 confilio
3642 2523 3668 2560 2
3738 2482 3807 2540 et

597 2612 844 2698 verbis,
894 2609 996 2681 uti
1050 2607 1264 2703 vulgo
1314 2606 1662 2700 leg-untur,
1715 2604 2192 2675 convenienter
2243 2603 2620 2697 explicatus
2671 2601 2810 2674 effe
2856 2603 3150 2678 videtur.

804 2746 1155 2817 Hactenus
1222 2743 1601 2836 Bergerus.
1703 2740 1815 2811 De
1877 2739 2257 2812 Aristotelis
2327 2741 2658 2810 sententia
2723 2750 2794 2812 et
2861 2738 3219 2814 Clisthenis
3286 2744 3561 2816 confilio
3632 2769 3810 2836 quae

601 2885 808 2956 docte
843 2893 915 2954 et
948 2879 1414 2977 probabiliter
1452 2876 1845 2971 disputavit,
1898 2876 2220 2970 equidem
2268 2876 2568 2947 concedo
2586 2900 2609 2946 e
2660 2898 2787 2948 nec
2832 2899 3299 2974 repugnarem
3347 2881 3807 2975 explicationi,

607 3022 656 3093 fi
703 3019 918 3091 verba
968 3017 1425 3090 convenirent.
1477 3011 1621 3085 Sed
1669 3013 1941 3084 videtur
1987 3012 2160 3083 mihi
2207 3014 2279 3083 in
2326 3014 2449 3082 illa
2495 3014 2825 3085 untionis
2884 3016 3345 3111 negligentia,
3415 3040 3623 3110 quam
3675 3018 3809 3089 ssa-

608 3161 778 3245 tuit,
832 3179 972 3227 nou
1009 3157 1174 3226 ratis
1223 3122 1449 3226 tutum
1499 3146 1825 3243 quaefln'e
1874 3150 2226 3246 refugium
2273 3150 2851 3244 interpretationis
2871 3202 2893 3240 ‚
2965 3176 3174 3244 quae,
3245 3155 3391 3248 ipse
3459 3178 3613 3227 cum
3664 3157 3810 3225 aliis

609 3294 979 3367 lectoribus
1032 3300 1338 3385 exputet,
1391 3308 1615 3359 annon
1665 3285 1910 3357 rectius
1963 3298 2034 3357 et
2080 3286 2346 3358 facilius
2390 3286 2729 3382 procedat
2742 3338 2764 3375 ‚
2833 3289 2884 3357 fi
2935 3287 3251 3361 excidisse
3299 3291 3475 3364 illud
3522 3292 3815 3364 verbum

616 3442 976 3527 putemus,
1028 3426 1221 3521 quod
1271 3425 1586 3520 suppleri
1633 3422 1890 3510 voluit,
1957 3424 2332 3515 locumque
2389 3423 2490 3494 ita
2551 3424 3019 3498 restituamus:
3089 3426 3403 3507 πολλοὺς
3454 3436 3588 3526 γὰρ
3645 3430 3817 3516 ἐφυ-

622 3569 900 3641 λέτευσε
956 3565 1198 3655 ξένους
1251 3561 1362 3634 καὶ
1430 3557 1724 3638 δούλουὲ
1772 3557 2165 3652 ἐποίησε
2199 3563 2586 3656 μετοίκους.

822 3699 975 3772 Scr.
1026 3700 1229 3771 lenae
1281 3698 1352 3768 d.
1404 3695 1636 3768 xxxl
1685 3693 1980 3790 Augusti
2028 3718 2096 3765 a.
2143 3679 2867 3768 mcccxxxme
